 
@BOOK{excimerlasertech,
AUTHOR="Basting, D. and Marowsky, G.",
TITLE="Excimer Laser Technology",
PUBLISHER="Springer",
YEAR="2005",
}
